@inproceedings{bergsma2012stylometric,
  title={Stylometric analysis of scientific articles},
  author={Bergsma, Shane and Post, Matt and Yarowsky, David},
  booktitle={Proceedings of the 2012 Conference of the North American Chapter of the Association for Computational Linguistics: Human Language Technologies},
  pages={327--337},
  year={2012},
  organization={Association for Computational Linguistics}
}

@inproceedings{sarawgi2011gender,
        AUTHOR = {Sarawgi, Ruchita and Gajulapalli, Kailash and Choi, Yejin},
        TITLE = {{Gender attribution: tracing stylometric evidence beyond topic and genre}},
        BOOKTITLE = {Proceedings of the Fifteenth Conference on Computational Natural Language Learning},
        YEAR = {2011},
        PAGES = {78--86}
}

@article{matthews1993neural,
  title={Neural computation in stylometry I: An application to the works of Shakespeare and Fletcher},
  author={Matthews, Robert AJ and Merriam, Thomas VN},
  journal={Literary and Linguistic Computing},
  volume={8},
  number={4},
  pages={203--209},
  year={1993},
  publisher={ALLC}
}

@article{merriam1994neural,
  title={Neural computation in stylometry II: An application to the works of Shakespeare and Marlowe},
  author={Merriam, Thomas VN and Matthews, Robert AJ},
  journal={Literary and Linguistic Computing},
  volume={9},
  number={1},
  pages={1--6},
  year={1994},
  publisher={ALLC}
}

@article{zipf1932selected,
  title={Selected studies of the principle of relative frequency in language.},
  author={Zipf, George Kingsley},
  year={1932},
  publisher={Harvard Univ. Press}
}

@article{yule1939sentence,
  title={On sentence-length as a statistical characteristic of style in prose: With application to two cases of disputed authorship},
  author={Yule, G Udny},
  journal={Biometrika},
  volume={30},
  number={3-4},
  pages={363--390},
  year={1939},
  publisher={Biometrika Trust}
}

@book{yule1944statistical,
  title={The statistical study of literary vocabulary},
  author={Yule, George Udny},
  year={1944},
  publisher={CUP Archive}
}

@article{mosteller1964inference,
  title={Inference and disputed authorship: The Federalist},
  author={Mosteller, Frederick and Wallace, David},
  year={1964},
  publisher={Addison-Wesley}
}

@article{stamatatos2009survey,
  title={A survey of modern authorship attribution methods},
  author={Stamatatos, Efstathios},
  journal={Journal of the American Society for information Science and Technology},
  volume={60},
  number={3},
  pages={538--556},
  year={2009},
  publisher={Wiley Online Library}
}

@article{mendenhall1887characteristic,
  title={The characteristic curves of composition},
  author={Mendenhall, Thomas Corwin},
  journal={Science},
  number={214S},
  pages={237--246},
  year={1887},
  publisher={American Association for the Advancement of Science}
}

@inproceedings{narayanan2012feasibility,
  title={On the feasibility of internet-scale author identification},
  author={Narayanan, Arvind and Paskov, Hristo and Gong, Neil Zhenqiang and Bethencourt, John and Stefanov, Emil and Shin, Eui Chul Richard and Song, Dawn},
  booktitle={Security and Privacy (SP), 2012 IEEE Symposium on},
  pages={300--314},
  year={2012},
  organization={IEEE}
}

@article{koppel2012fundamental,
  title={The Fundamental Problem of Authorship Attribution},
  author={Koppel, Moshe and Schler, Jonathan and Argamon, Shlomo and Winter, Yaron},
  journal={English Studies},
  volume={93},
  number={3},
  pages={284--291},
  year={2012},
  publisher={Taylor \& Francis}
}

@inproceedings{mcauley2012learning,
  title={Learning attitudes and attributes from multi-aspect reviews},
  author={McAuley, Julian and Leskovec, Jure and Jurafsky, Dan},
  booktitle={Data Mining (ICDM), 2012 IEEE 12th International Conference on},
  pages={1020--1025},
  year={2012},
  organization={IEEE}
}

@inproceedings{johri2011study,
  title={A study of academic collaboration in computational linguistics with latent mixtures of authors},
  author={Johri, Nikhil and Ramage, Daniel and McFarland, Daniel A and Jurafsky, Daniel},
  booktitle={Proceedings of the 5th ACL-HLT workshop on language technology for cultural heritage, social sciences, and humanities},
  pages={124--132},
  year={2011},
  organization={Association for Computational Linguistics}
}

@inproceedings{koppel2003exploiting,
  title={Exploiting stylistic idiosyncrasies for authorship attribution},
  author={Koppel, Moshe and Schler, Jonathan},
  booktitle={Proceedings of IJCAI'03 Workshop on Computational Approaches to Style Analysis and Synthesis},
  volume={69},
  pages={72--80},
  year={2003},
  organization={Citeseer}
}

@article{richardson2006markov,
  title={Markov logic networks},
  author={Richardson, Matthew and Domingos, Pedro},
  journal={Machine learning},
  volume={62},
  number={1-2},
  pages={107--136},
  year={2006},
  publisher={Springer}
}

@inproceedings{escalante2011local,
  title={Local histograms of character n-grams for authorship attribution},
  author={Escalante, Hugo Jair and Solorio, Thamar and Montes-y-G{\'o}mez, Manuel},
  booktitle={Proceedings of the 49th Annual Meeting of the Association for Computational Linguistics: Human Language Technologies-Volume 1},
  pages={288--298},
  year={2011},
  organization={Association for Computational Linguistics}
}

@inproceedings{namata2011collective,
  title={Collective graph identification},
  author={Namata, Galileo Mark and Kok, Stanley and Getoor, Lise},
  booktitle={Proceedings of the 17th ACM SIGKDD international conference on Knowledge discovery and data mining},
  pages={87--95},
  year={2011},
  organization={ACM}
}

@article{hill2003myth,
  title={The myth of the double-blind review?: author identification using only citations},
  author={Hill, Shawndra and Provost, Foster},
  journal={ACM SIGKDD Explorations Newsletter},
  volume={5},
  number={2},
  pages={179--184},
  year={2003},
  publisher={ACM}
}

@article{brocheler2012probabilistic,
  title={Probabilistic similarity logic},
  author={Brocheler, Matthias and Mihalkova, Lilyana and Getoor, Lise},
  journal={arXiv preprint arXiv:1203.3469},
  year={2012}
}

@book{manning2008introduction,
  title={Introduction to information retrieval},
  author={Manning, Christopher D and Raghavan, Prabhakar and Sch{\"u}tze, Hinrich},
  volume={1},
  year={2008},
  publisher={Cambridge university press Cambridge}
}